@article{macedo2015linear,
  title={A linear algebra approach to OLAP},
  author={Macedo, Hugo Daniel and Oliveira, Jos{\'e} Nuno},
  journal={Formal Aspects of Computing},
  volume={27},
  number={2},
  pages={283--307},
  year={2015},
  publisher={Springer}
}

@article{da2015benchmarking,
  title={Benchmarking a Linear Algebra Approach to OLAP Master Thesis},
  author={da Costa Pontes, Rog{\'e}rio Ant{\'o}nio},
  year={2015}
}